@Article{Feild2002,
	author = {Feild, D.Q. and Feldman, C.L. and Hor\'a\v{c}ek},
	title = {Improved EASI Coefficients: Their Derivation, Values, and Performance},
	journal = {J Electrocardiol},
	year = 2002,
	volume = 35
	pages = {23-33}
}
